@online{Kalman-library,
    author = "Sene Dynes",
    title = "Simple Kalman Filter Library",
    url = "https://github.com/denyssene/SimpleKalmanFilter",
    urldate = "2022-09-27"
}

@online{Median-library,
    author = "Luis Llamas",
    title = "Arduino Median Filter",
    url = "https://github.com/luisllamasbinaburo/Arduino-MedianFilter",
    urldate = "2022-09-27"
}

@online {wiki-pid,
    title = "PID-regulator",
    month = "sep",
    year  = "2021",
    url   = "https://no.wikipedia.org/wiki/PID-regulator",
    urldate = "2022-11-09"
}

@online{Kalman-filter,
    author = "Bilgin Esme",
    title = "Kalman Filter For Dummies",
    url = "http://bilgin.esme.org/BitsAndBytes/KalmanFilterforDummies",
    month = "mar",
    year = "2009",
    urldate = "2022-10-11"
}


@misc{Sharp-datasheet,
    author = "Sharp",
    title = "GP2YOA21YKOF",
    note = "Sheet-nr. E4-A00201EN",
    date = "2009"
}
